<?xml version="1.0" encoding="UTF-8"?><record xmlns="http://www.loc.gov/MARC21/slim" xmlns:cinclude="http://apache.org/cocoon/include/1.0" xmlns:zs="http://www.loc.gov/zing/srw/">
  <leader>00887nz  a2200157n  4500</leader>
  <controlfield tag="001">no2003032293</controlfield>
  <controlfield tag="003">DLC</controlfield>
  <controlfield tag="005">20030402052158.0</controlfield>
  <controlfield tag="008">030401n| acannaabn          |a ana     c</controlfield>
  <datafield tag="010" ind1=" " ind2=" ">
    <subfield code="a">no2003032293</subfield>
  </datafield>
  <datafield tag="035" ind1=" " ind2=" ">
    <subfield code="a">(OCoLC)oca06013752</subfield>
  </datafield>
  <datafield tag="040" ind1=" " ind2=" ">
    <subfield code="a">DGPO</subfield>
    <subfield code="b">eng</subfield>
    <subfield code="c">DGPO</subfield>
  </datafield>
  <datafield tag="110" ind1="1" ind2=" ">
    <subfield code="a">United States.</subfield>
    <subfield code="t">National Science Foundation Authorization Act of 2002</subfield>
  </datafield>
  <datafield tag="410" ind1="1" ind2=" ">
    <subfield code="a">United States.</subfield>
    <subfield code="t">Act to Authorize Appropriations for Fiscal Years 2003, 2004, 2005, 2006, and 2007 for the National Science Foundation, and for Other Purposes</subfield>
  </datafield>
  <datafield tag="410" ind1="1" ind2=" ">
    <subfield code="a">United States.</subfield>
    <subfield code="t">Public Law 107-368</subfield>
  </datafield>
  <datafield tag="670" ind1=" " ind2=" ">
    <subfield code="a">Its National Science Foundation Authorization Act of 2002, 2002:</subfield>
    <subfield code="b">116 Stat. 3034 (An Act to Authorize Appropriations for Fiscal Years 2003, 2004, 2005, 2006, and 2007 for the National Science Foundation, and for Other Purposes) citation title, 116 Stat. 3034 (National Science Foundation Authorization Act of 2002)</subfield>
  </datafield>
</record>